%-%-%-%-%-%-%-%-%-%-%-%-%-%-%-%-%-%-%-%-%-%-%-%-%-%
%-% Job Mobility (and Risk)
%-%-%-%-%-%-%-%-%-%-%-%-%-%-%-%-%-%-%-%-%-%-%-%-%-%

@article{cubas2023,
	title = {Risk and the {Misallocation} of {Human} {Capital}},
	journal = {Working Paper},
	author = {Cubas, German and Silos, Pedro and Soini, Vesa},
	year = {2023},
	keywords = {career choice + risk, relevant},
	pages = {1--50},
	annote = {A static general equilibrium model.
	Two occupations in the world (risk and safe one), reflected by the variation of the income process.
	Each individual has a predetermined vector of occupation-specific abilities (drawn from a prior distribution).
	Individual chooses a specific occupation, the one that maximizes his expected utility.
	Use the general market clearing condition to pin down other aggregate variables: occupational share, output, wage premium.
	
	},
	file = {Cubas et al. - Risk and the Misallocation of Human Capital.pdf:E\:\\_Literature_Zotero\\storage\\YAGCHFTE\\Cubas et al. - Risk and the Misallocation of Human Capital.pdf:application/pdf},
}

@article{kambourov2009,
	title = {Occupational {Mobility} and {Wage} {Inequality}},
	volume = {76},
	doi = {10.1111/j.1467-937X.2009.00535.x},
	number = {2},
	journal = {Review of Economic Studies},
	author = {Kambourov, Gueorgui and Manovskii, Iourii},
	year = {2009},
	keywords = {career choice + risk, relevant},
	pages = {731--759},
	annote = {A general equilibrium model (without capital).
	A continuum of occupations and a measure one of ex-ante identical individuals.
	Inexperienced workers have a probability to become experienced in his occupation.
	No explicit human capital accumulation choice.
	
	},
	file = {Kambourov - 2009 - Occupational Mobility and Wage Inequality.pdf:E\:\\_Literature_Zotero\\storage\\Q72SC3CI\\Kambourov - 2009 - Occupational Mobility and Wage Inequality.pdf:application/pdf},
}

@article{dillon2018,
	title = {Risk and {Return} {Trade}-{Offs} in {Lifetime} {Earnings}},
	volume = {36},
	doi = {10.1086/697475},
	number = {4},
	journal = {Journal of Labor Economics},
	author = {Dillon, Eleanor W.},
	year = {2018},
	keywords = {career choice + risk, relevant},
	pages = {981--1021},
	annote = {A partial equilibrium life-cycle model.
	Agents face occupation-specific risks (including wage risk, employment risks, etc) and decide whethe to change occupation in each period (also, they need to choose between different occupational offers if being unemployed and given different offers).
	A good paper for replication.
	However, there is so little discussion devoted to human capital accumulation choice, which should be my focus.
	
	},
	file = {16013Appendix.pdf:E\:\\_Literature_Zotero\\storage\\JUX84IJ6\\16013Appendix.pdf:application/pdf;Dillon - 2018 - Risk and Return Trade-Offs in Lifetime Earnings.pdf:E\:\\_Literature_Zotero\\storage\\6TGCGQRH\\Dillon - 2018 - Risk and Return Trade-Offs in Lifetime Earnings.pdf:application/pdf},
}

@article{neumuller2015,
	title = {Inter-{Industry} {Wage} {Differentials} {Revisited}: {Wage} {Volatility} and the {Option} {Value} of {Mobility}},
	volume = {76},
	doi = {10.1016/j.jmoneco.2015.08.001},
	journal = {Journal of Monetary Economics},
	author = {Neumuller, Seth},
	year = {2015},
	keywords = {career choice + risk, important, relevant},
	pages = {38--54},
	annote = {A dynamic general equilibrium model.
	In the model, in each period, the agent needs to determine whether to have the right to change industry (an option), and whether to change industry, given a realization of certain productivity shocks.
	It first shows, empirically, in US, wage volatility and wage differential are negatively correlated cross different industries. This implies that labor income risks in different industries do not drive the wage differentials.
	Then it shows that we need to take inter-industry mobility into consideration. It brings selection bias into the observed data patterns.
	This highlights the role of inter-industry mobility in shaping people’s observed industry choice!
	},
	file = {Neumuller - 2015 - Inter-industry wage differentials revisited Wage .pdf:E\:\\_Literature_Zotero\\storage\\AN6B9KMJ\\Neumuller - 2015 - Inter-industry wage differentials revisited Wage .pdf:application/pdf},
}

@article{hawkins2016,
	title = {Financial {Frictions} and {Occupational} {Mobility}},
	doi = {10.2139/ssrn.2201909},
	journal = {Federal Reserve Bank of Kansas City Working Paper},
	author = {Hawkins, William B. and Mustre-del-Rio, Jose},
	year = {2016},
	keywords = {career choice + risk, financial imperfections, relevant},
	pages = {1--29},
	file = {Hawkins and Mustre-del-Rio - 2012 - Financial Frictions and Occupational Mobility.pdf:E\:\\_Literature_Zotero\\storage\\IBKEW5WI\\Hawkins and Mustre-del-Rio - 2012 - Financial Frictions and Occupational Mobility.pdf:application/pdf},
}

@article{cubas2020,
	title = {Social {Insurance} and {Occupational} {Mobility}},
	volume = {61},
	doi = {10.1111/iere.12422},
	language = {en},
	number = {1},
	journal = {International Economic Review},
	author = {Cubas, German and Silos, Pedro},
	year = {2020},
	keywords = {career choice + risk, relevant},
	pages = {219--240},
	annote = {A general equilibrium occupational choice model.
	Individuals have a vector of occcupation-specific abilities (cannot be changed but unknown) and a scalar of general human capital. Each occupation goes through some occupation-specific earnings risk.
	People can pay some human capital price to switch to another occupation and learn about his ability in that occupation.
	This paper investiages whether progressive tax can partially insure people so that they are more motivated to switch their occupations and find the more suitable one.
	},
	file = {Cubas and Silos - 2020 - SOCIAL INSURANCE AND OCCUPATIONAL MOBILITY.pdf:E\:\\_Literature_Zotero\\storage\\GCQ8NV4J\\Cubas and Silos - 2020 - SOCIAL INSURANCE AND OCCUPATIONAL MOBILITY.pdf:application/pdf},
}

@article{cubas2017,
	title = {Career {Choice} and the {Risk} {Premium} in the {Labor} {Market}},
	volume = {26},
	doi = {10.1016/j.red.2017.02.009},
	journal = {Review of Economic Dynamics},
	author = {Cubas, German and Silos, Pedro},
	year = {2017},
	keywords = {career choice + risk, relevant},
	pages = {1--18},
	annote = {A  dynamic general equilibrium model.
	Agents with different initial abilities at the date 0 choose between different industries (which differ in permanant and transitory risks).
	This paper studies the role of selection, permanant and transitory risks on mean earnings difference across different industries.
	No human capital accumulation process!
	},
	file = {Cubas and Silos - 2017 - Career choice and the risk premium in the labor ma.pdf:E\:\\_Literature_Zotero\\storage\\UXWIJKW8\\Cubas and Silos - 2017 - Career choice and the risk premium in the labor ma.pdf:application/pdf},
}

@article{low2010,
	title = {Wage {Risk} and {Employment} {Risk} over the {Life} {Cycle}},
	volume = {100},
	doi = {10.1257/aer.100.4.1432},
	number = {4},
	journal = {American Economic Review},
	author = {Low, Hamish and Meghir, Costas and Pistaferri, Luigi},
	year = {2010},
	keywords = {career choice + risk, relevant},
	pages = {1432--1467},
	file = {Low et al. - 2010 - Wage Risk and Employment Risk over the Life Cycle.pdf:E\:\\_Literature_Zotero\\storage\\SVJMM64J\\Low et al. - 2010 - Wage Risk and Employment Risk over the Life Cycle.pdf:application/pdf},
}

@article{keane1997,
	title = {The {Career} {Decisions} of {Young} {Men}},
	volume = {105},
	doi = {10.1086/262080},
	number = {3},
	journal = {Journal of Political Economy},
	author = {Keane, Michael P. and Wolpin, Kenneth I.},
	year = {1997},
	keywords = {career choice + risk, relevant},
	pages = {473--522},
	file = {The Career Decisions of Young Men - Journal of Political Economy - 1997.pdf:E\:\\_Literature_Zotero\\storage\\4IS36E7R\\The Career Decisions of Young Men - Journal of Political Economy - 1997.pdf:application/pdf},
}


@article{liu2019,
	title = {Wage {Risk} and the {Value} of {Job} {Mobility} in {Early} {Employment} {Careers}},
	volume = {37},
	doi = {10.1086/698898},
	number = {1},
	journal = {Journal of Labor Economics},
	author = {Liu, Kai},
	year = {2019},
	keywords = {career choice + risk, relevant},
	pages = {139--185},
	file = {Liu - Wage Risk and the Value of Job Mobility in Early E.pdf:E\:\\_Literature_Zotero\\storage\\A935JD54\\Liu - Wage Risk and the Value of Job Mobility in Early E.pdf:application/pdf},
}

@article{altonji2013,
	title = {Modeling {Earnings} {Dynamics}},
	volume = {81},
	doi = {10.3982/ECTA8415},
	number = {4},
	journal = {Econometrica},
	author = {Altonji, Joseph G. and Smith, Anthony A. and Vidangos, Ivan},
	year = {2013},
	keywords = {career choice + risk, relevant},
	pages = {1395--1454},
	file = {2013 - Modeling Earnings Dynamics.pdf:E\:\\_Literature_Zotero\\storage\\5YXNJFQ9\\2013 - Modeling Earnings Dynamics.pdf:application/pdf},
}

@article{dvorkin2019,
	title = {Occupation {Mobility}, {Human} {Capital} and the {Aggregate} {Consequences} of {Task}-{Biased} {Innovations}},
	doi = {10.20955/wp.2019.013},
	journal = {Federal Reserve Bank of St. Louis Working Paper},
	author = {Dvorkin, Maximiliano A. and Monge-Naranjo, Alexander},
	year = {2019},
	keywords = {career choice + risk, relevant},
	file = {Dvorkin and Monge-Naranjo - 2019 - Occupation Mobility, Human Capital and the Aggrega.pdf:E\:\\_Literature_Zotero\\storage\\6AN5WDJ9\\Dvorkin and Monge-Naranjo - 2019 - Occupation Mobility, Human Capital and the Aggrega.pdf:application/pdf},
}

@article{lee2006,
	title = {Intersectoral {Labor} {Mobility} and the {Growth} of the {Service} {Sector}},
	volume = {74},
	doi = {10.1111/j.1468-0262.2006.00648.x},
	number = {1},
	journal = {Econometrica},
	author = {Lee, Donghoon and Wolpin, Kenneth I.},
	year = {2006},
	keywords = {career choice + risk, relevant},
	pages = {1--46},
	file = {Intersectoral Labor Mobility and the Growth of the Service Sector - Econometrica - 2006.pdf:E\:\\_Literature_Zotero\\storage\\IASN6LLE\\Intersectoral Labor Mobility and the Growth of the Service Sector - Econometrica - 2006.pdf:application/pdf},
}


%-%-%-%-%-%-%-%-%-%-%-%-%-%-%-%-%-%-%-%-%-%-%-%-%-%
%-% Human Capital (and Risk)
%-%-%-%-%-%-%-%-%-%-%-%-%-%-%-%-%-%-%-%-%-%-%-%-%-%


@article{singh2010,
	title = {Human {Capital} {Risk} in {Life}-{Cycle} {Economies}},
	volume = {57},
	doi = {10.1016/j.jmoneco.2010.05.012},
	number = {6},
	journal = {Journal of Monetary Economics},
	author = {Singh, Aarti},
	year = {2010},
	keywords = {on-the-job hc, relevant},
	pages = {729--738},
	annote = {A general equilibrium life-cycle (OLG) model.
	Individuals face two labor earnings risks: specialization shocks and career shocks, which cannot be fully insured.
	Individuals choose on-the-job training time to accumulate human capital, which can also be depreciated.
	It compares different stationary equilibria generated by complete market model, incomplete market models with career risk only and with both risks.
	Age Profiles are also interesting.
	},
	file = {Singh - 2010 - Human capital risk in life-cycle economies.pdf:E\:\\_Literature_Zotero\\storage\\W45QNMMS\\Singh - 2010 - Human capital risk in life-cycle economies.pdf:application/pdf},
}

@article{krebs2003,
	title = {Human {Capital} {Risk} and {Economic} {Growth}},
	volume = {118},
	doi = {10.1162/003355303321675491},
	number = {2},
	journal = {The Quarterly Journal of Economics},
	author = {Krebs, T.},
	year = {2003},
	keywords = {on-the-job hc, relevant},
	pages = {709--744},
	file = {Krebs - 2003 - Human Capital Risk and Economic Growth.pdf:E\:\\_Literature_Zotero\\storage\\AG2FELNC\\Krebs - 2003 - Human Capital Risk and Economic Growth.pdf:application/pdf},
}

@article{park2018,
	title = {Constrained {Efficiency} in a {Human} {Capital} {Model}},
	volume = {10},
	doi = {10.1257/mac.20160405},
	number = {3},
	journal = {American Economic Journal: Macroeconomics},
	author = {Park, Yena},
	year = {2018},
	keywords = {on-the-job hc, relevant},
	pages = {179--214},
	file = {Park - 2018 - Constrained Efficiency in a Human Capital Model.pdf:E\:\\_Literature_Zotero\\storage\\I87T87U6\\Park - 2018 - Constrained Efficiency in a Human Capital Model.pdf:application/pdf},
}

@article{heckman1998,
	title = {Explaining {Rising} {Wage} {Inequality}: {Explorations} with a {Dynamic} {General} {Equilibrium} {Model} of {Labor} {Earnings} with {Heterogeneous} {Agents}},
	volume = {1},
	doi = {10.1006/redy.1997.0008},
	number = {1},
	journal = {Review of Economic Dynamics},
	author = {Heckman, James J. and Lochner, Lance},
	year = {1998},
	keywords = {on-the-job hc, relevant},
	pages = {1--58},
	annote = {A dynamic feneral equilibrium (with OLG features) model, but without uninsurable risks.
	Individuals first choose a schooling level, and then in the later periods choose consumption and time allocated to on-the-job human capital accumulation. Each schooling level has its own human capital production function and has its own price of per unit of effective human capital.
	In the firm side, hc from different schooling levels are imperfect substitues, while hc from the same schooling level is perfect substitute. The aggreation provides a price path for each cohort.
	Extremely relevant!
	But I still need to extend the model to two-sector, and incorporate individuals’ sector choice.
	
	},
	file = {Heckman - Explaining Rising Wage Inequality Explorations wi.pdf:E\:\\_Literature_Zotero\\storage\\Y5PGLQIA\\Heckman - Explaining Rising Wage Inequality Explorations wi.pdf:application/pdf},
}

@article{huggett2011,
	title = {Sources of {Lifetime} {Inequality}},
	volume = {101},
	doi = {10.1257/aer.101.7.2923},
	number = {7},
	journal = {American Economic Review},
	author = {Huggett, Mark and Ventura, Gustavo and Yaron, Amir},
	year = {2011},
	keywords = {on-the-job hc, relevant},
	pages = {2923--2954},
	annote = {A dynamic general equilibrium (with OLG features) model.
	The key elements of the model is that each agent has an initial draw of wealth and human capital (initial condition) and faces human capital risk (the only source of idiosyncratic risk in the model).
	The firm side is conventional.
	It compares which - initial conditions or realization of hc risk is more important in generating people’s lifetime earnings inequality.
	Good for replcation (Written in Fortran codes) 
	},
	file = {Huggett et al. - 2011 - Sources of Lifetime Inequality.pdf:E\:\\_Literature_Zotero\\storage\\QN76HNDP\\Huggett et al. - 2011 - Sources of Lifetime Inequality.pdf:application/pdf},
}

@article{stantcheva2017,
	title = {Optimal {Taxation} and {Human} {Capital} {Policies} over the {Life} {Cycle}},
	volume = {125},
	doi = {doi.org/10.1086/694291},
	number = {6},
	journal = {Journal of Political Economy},
	author = {Stantcheva, Stefanie},
	year = {2017},
	keywords = {on-the-job hc, relevant},
	pages = {1931--1990},
	file = {Stantcheva - Optimal Taxation and Human Capital Policies over t.pdf:E\:\\_Literature_Zotero\\storage\\V387TNW4\\Stantcheva - Optimal Taxation and Human Capital Policies over t.pdf:application/pdf},
}

@article{huggett2006,
	title = {Human {Capital} and {Earnings} {Distribution} {Dynamics}},
	volume = {53},
	doi = {10.1016/j.jmoneco.2005.10.013},
	number = {2},
	journal = {Journal of Monetary Economics},
	author = {Huggett, Mark and Ventura, Gustavo and Yaron, Amir},
	year = {2006},
	keywords = {on-the-job hc, relevant},
	pages = {265--290},
	file = {Huggett et al. - 2006 - Human capital and earnings distribution dynamics.pdf:E\:\\_Literature_Zotero\\storage\\MS6PW32Q\\Huggett et al. - 2006 - Human capital and earnings distribution dynamics.pdf:application/pdf},
}

%-%-%-%-%-%-%-%-%-%-%-%-%-%-%-%-%-%-%-%-%-%-%-%-%-%
%-% Production Side
%-%-%-%-%-%-%-%-%-%-%-%-%-%-%-%-%-%-%-%-%-%-%-%-%-%

@article{buera2011,
	title = {Finance and {Development}: {A} {Tale} of {Two} {Sectors}},
	volume = {101},
	doi = {10.1257/aer.101.5.1964},
	number = {5},
	journal = {American Economic Review},
	author = {Buera, Francisco J and Kaboski, Joseph P and Shin, Yongseok},
	year = {2011},
	keywords = {financial imperfections, firm side, relevant},
	pages = {1964--2002},
	annote = {A dynamic general equilibrium model.
	In the firm side, there are two sectors, service and manufacture, which differ in the per period fixed cost to operate, leading to the scale difference between the two sectors. And credit market is incomplete in the sense of strict borrowing limit.
	In the hh side, each individual has a vector of talent z and accumulate wealth. In each period, he needs to choose between becoming an employee, becoming a service establishment owner and becoming a manufacturing establishment owner. 
	This paper compares different equilibria with or without strict credit constraint.
	},
	file = {Buera et al. - 2011 - Finance and Development A Tale of Two Sectors.pdf:E\:\\_Literature_Zotero\\storage\\I4G6LCXD\\Buera et al. - 2011 - Finance and Development A Tale of Two Sectors.pdf:application/pdf},
}

@article{angeletos2006,
	title = {Idiosyncratic {Production} {Risk}, {Growth} and the {Business} {Cycle}},
	volume = {53},
	doi = {10.1016/j.jmoneco.2005.05.016},
	number = {6},
	journal = {Journal of Monetary Economics},
	author = {Angeletos, George-Marios and Calvet, Laurent-Emmanuel},
	year = {2006},
	keywords = {firm side, important, relevant},
	pages = {1095--1115},
	file = {Angeletos and Calvet - 2006 - Idiosyncratic production risk, growth and the busi.pdf:E\:\\_Literature_Zotero\\storage\\GABLUI7R\\Angeletos and Calvet - 2006 - Idiosyncratic production risk, growth and the busi.pdf:application/pdf},
}

@article{krusell2000,
	title = {Capital-{Skill} {Complementarity} and {Inequality}: {A} {Macroeconomic} {Analysis}},
	volume = {68},
	doi = {10.1111/1468-0262.00150},
	number = {5},
	journal = {Econometrica},
	author = {Krusell, Per and Ohanian, Lee E. and Rios-Rull, Jose-Victor and Violante, Giovanni L.},
	year = {2000},
	keywords = {firm side, relevant},
	pages = {1029--1053},
	file = {Krusell et al. - 2000 - Capital-skill Complementarity and Inequality A Ma.pdf:E\:\\_Literature_Zotero\\storage\\5ES4X4RY\\Krusell et al. - 2000 - Capital-skill Complementarity and Inequality A Ma.pdf:application/pdf},
}

@article{midrigan2014,
	title = {Finance and {Misallocation}: {Evidence} from {Plant}-{Level} {Data}},
	volume = {104},
	doi = {10.1257/aer.104.2.422},
	number = {2},
	journal = {American Economic Review},
	author = {Midrigan, Virgiliu and Xu, Daniel Yi},
	year = {2014},
	keywords = {financial imperfections, firm side, relevant},
	pages = {422--458},
	file = {Midrigan and Xu - 2014 - Finance and Misallocation Evidence from Plant-Lev.pdf:E\:\\_Literature_Zotero\\storage\\UIL7E9Q2\\Midrigan and Xu - 2014 - Finance and Misallocation Evidence from Plant-Lev.pdf:application/pdf},
}

@article{song2011,
	title = {Growing {Like} {China}},
	volume = {101},
	doi = {10.1257/aer.101.1.196},
	number = {1},
	journal = {American Economic Review},
	author = {Song, Zheng and Storesletten, Kjetil and Zilibotti, Fabrizio},
	year = {2011},
	keywords = {firm side, relevant},
	pages = {196--233},
	file = {Growing Like China - American Economic Review - 2011.pdf:E\:\\_Literature_Zotero\\storage\\7M5TC536\\Growing Like China - American Economic Review - 2011.pdf:application/pdf},
}

%-%-%-%-%-%-%-%-%-%-%-%-%-%-%-%-%-%-%-%-%-%-%-%-%-%
%-% Other Revelant Papers
%-%-%-%-%-%-%-%-%-%-%-%-%-%-%-%-%-%-%-%-%-%-%-%-%-%

@article{aiyagari1994,
	title = {Uninsured {Idiosyncratic} {Risk} and {Aggregate} {Saving}},
	volume = {109},
	doi = {10.2307/2118417},
	number = {33},
	journal = {The Quarterly Journal of Economics},
	author = {Aiyagari, S. Rao},
	year = {1994},
	keywords = {application, important},
	pages = {659--684},
	file = {Uninsured Idiosyncratic Risk and Aggregate Saving - The Quarterly Journal of Economics - 1994.pdf:E\:\\_Literature_Zotero\\storage\\K5ZX7GP8\\Uninsured Idiosyncratic Risk and Aggregate Saving - The Quarterly Journal of Economics - 1994.pdf:application/pdf;Uninsured Idiosyncratic Risk and Aggregate Saving - The Quarterly Journal of Economics - 1994.pdf:E\:\\_Literature_Zotero\\storage\\QPRK9MGN\\Uninsured Idiosyncratic Risk and Aggregate Saving - The Quarterly Journal of Economics - 1994.pdf:application/pdf},
}
